<?xml version="1.0" encoding="UTF-8"?><record xmlns="http://www.loc.gov/MARC21/slim" xmlns:cinclude="http://apache.org/cocoon/include/1.0" xmlns:zs="http://www.loc.gov/zing/srw/">
  <leader>00644cz  a2200193n  4500</leader>
  <controlfield tag="001">no 00025605 </controlfield>
  <controlfield tag="003">DLC</controlfield>
  <controlfield tag="005">20020403053908.0</controlfield>
  <controlfield tag="008">000412n| acannaabn          |a aaa      </controlfield>
  <datafield tag="010" ind1=" " ind2=" ">
    <subfield code="a">no 00025605 </subfield>
  </datafield>
  <datafield tag="035" ind1=" " ind2=" ">
    <subfield code="a">(OCoLC)oca05195428</subfield>
  </datafield>
  <datafield tag="040" ind1=" " ind2=" ">
    <subfield code="a">DLC-ON</subfield>
    <subfield code="b">eng</subfield>
    <subfield code="c">DLC-ON</subfield>
    <subfield code="d">OCoLC</subfield>
  </datafield>
  <datafield tag="053" ind1=" " ind2="0">
    <subfield code="a">PK2598.N358</subfield>
  </datafield>
  <datafield tag="100" ind1="1" ind2=" ">
    <subfield code="a">Nāsananī, Kanhaiyā</subfield>
  </datafield>
  <datafield tag="400" ind1="0" ind2=" ">
    <subfield code="a">Kanhaiyā Nāsananī</subfield>
  </datafield>
  <datafield tag="400" ind1="1" ind2=" ">
    <subfield code="a">Nāsananī, Kr̥shṇagopāla</subfield>
  </datafield>
  <datafield tag="400" ind1="0" ind2=" ">
    <subfield code="a">Kr̥shṇagopāla Nāsananī</subfield>
  </datafield>
  <datafield tag="670" ind1=" " ind2=" ">
    <subfield code="a">Muṭukā vyathāharu, 1999:</subfield>
    <subfield code="b">t.p. (Kanhaiyā Nāsananī)</subfield>
  </datafield>
  <datafield tag="670" ind1=" " ind2=" ">
    <subfield code="a">Sipāhī, 2000:</subfield>
    <subfield code="b">cover, p. 4 (Kr̥shṇagopāla Nāsananī; b. 1943; mech. engg.)</subfield>
  </datafield>
</record>